ISA*00*          *00*          *ZZ*MULTI          *ZZ*CLAIMS       *230101*0000*U*00501*000000001*0*P*:~
GS*HP*MULTI*CLAIMS*20230101*0000*1*X*005010X221A1~
ST*835*0001~
BPR*I*500*C*CHK*20230101~
TRN*1*9999999999*9999999999~
DTM*405*20230101~
N1*PR*INSURANCE COMPANY A~
N1*PE*PROVIDER CLINIC*XX*9876543210~
CLP*CLAIM001*1*200*150*50*12*PAY001~
CAS*CO*97*30*1~
CAS*PR*1*20*1~
SVC*HC:99213*200*150*21~
DTM*484*20230101~
CLP*CLAIM002*1*150*150*0*12*PAY002~
SVC*HC:99214*150*150*21~
DTM*484*20230102~
CLP*CLAIM003*2*300*200*100*12*PAY003~
CAS*CO*45*50*1~
CAS*PR*2*50*1~
SVC*HC:99215*300*200*21~
DTM*484*20230103~
SE*16*0001~
GE*1*1~
IEA*1*000000001~