ISA*00*          *00*          *ZZ*SIMPLE_PAYER  *ZZ*SIMPLE_CLINIC *230101*0800*U*00501*000000001*0*P*:~
GS*HP*SIMPLE_PAYER*SIMPLE_CLINIC*20230101*0800*1*X*005010X221A1~
ST*835*0001~
BPR*I*150.00*C*CHK*20230101~
TRN*1*SIMPLE001*SIMPLE001~
N1*PR*SIMPLE INSURANCE CO~
N1*PE*SIMPLE MEDICAL CLINIC*XX*0987654321~
CLP*SIMPLE001*1*150.00*150.00*0.00*12*PAY001~
SVC*HC:99213*150.00*150.00*21~
DTM*484*20230101~
SE*9*0001~
GE*1*1~
IEA*1*000000001~