ISA*00*          *00*          *ZZ*ACME_PAYER     *ZZ*PROVIDER_CLINIC*230315*1030*U*00501*000000123*0*P*:~
GS*HP*ACME_PAYER*PROVIDER_CLINIC*20230315*1030*123*X*005010X221A1~
ST*835*0001~
BPR*I*2350.75*C*CHK*20230315*,,,,,,,,,,,20230315~
TRN*1*ACME20230315001*ACME20230315001~
DTM*405*20230315~
N1*PR*ACME HEALTH INSURANCE~
N1*PE*PROVIDER CLINIC*XX*1234567890~
CLP*PAT001CLAIM001*1*375.00*350.00*25.00*12*ACME001~
CAS*CO*45*15.00*1~
CAS*PR*1*10.00*1~
SVC*HC:99213*375.00*350.00*21~
DTM*484*20230310~
CLP*PAT002CLAIM002*1*850.50*800.00*50.50*12*ACME002~
CAS*CO*97*25.00*1~
CAS*PR*2*25.50*1~
SVC*HC:99214*425.25*400.00*21~
DTM*484*20230311~
SVC*HC:99215*425.25*400.00*21~
DTM*484*20230311~
CLP*PAT003CLAIM003*2*1125.25*1200.75*0.00*12*ACME003~
SVC*HC:99215*562.63*600.38*21~
DTM*484*20230312~
SVC*HC:99213*562.62*600.37*21~
DTM*484*20230312~
SE*24*0001~
GE*1*123~
IEA*1*000000123~