ISA*00*          *00*          *ZZ*SENDERID       *ZZ*RECEIVERID   *230101*0000*U*00501*000000001*0*P*:~
GS*HP*SENDERID*RECEIVERID*20230101*0000*1*X*005010X221A1~
ST*835*0001~
BPR*I*1000*C*CHK*20230101*,,,,,,,,,,,20230101~
TRN*1*1234567890*1234567890~
DTM*405*20230101~
N1*PR*PAYER NAME~
N1*PE*PAYEE NAME*XX*1234567890~
CLP*12345*1*100*100*0*12*9876543210~
CAS*CO*45*10.50*1~
CAS*PR*1*5.00*1~
SVC*HC:A0000*100*100*1~
DTM*484*20230101~
SE*10*0001~
GE*1*1~
IEA*1*000000001~
